<record><leader>00000cas a22000007a 4500</leader><controlfield tag="001">15345325</controlfield><controlfield tag="008">870319d19181920inudn ne      0    0eng d</controlfield><datafield ind1=" " ind2=" " tag="010"><subfield code="a">sn 87055684 </subfield></datafield><datafield ind1=" " ind2=" " tag="040"><subfield code="a">NPI</subfield><subfield code="b">eng</subfield><subfield code="c">NPI</subfield><subfield code="d">OCLCQ</subfield><subfield code="d">IUL</subfield></datafield><datafield ind1=" " ind2=" " tag="042"><subfield code="a">msc</subfield></datafield><datafield ind1="0" ind2=" " tag="130"><subfield code="a">Kokomo daily dispatch (Kokomo, Ind. : 1918)</subfield></datafield><datafield ind1="1" ind2="4" tag="245"><subfield code="a">The Kokomo daily dispatch.</subfield></datafield><datafield ind1=" " ind2=" " tag="260"><subfield code="a">Kokomo, Ind. :</subfield><subfield code="b">Dispatch Pub. Co.,</subfield><subfield code="c">1918-1920.</subfield></datafield><datafield ind1=" " ind2=" " tag="310"><subfield code="a">Daily (except Mon.)</subfield></datafield><datafield ind1="0" ind2=" " tag="362"><subfield code="a">Dec. 18 [i.e. 19], 1918-Jan. 6, 1920.</subfield></datafield><datafield ind1=" " ind2=" " tag="500"><subfield code="a">On Sun. published as: The Kokomo Sunday dispatch.</subfield></datafield><datafield ind1=" " ind2=" " tag="752"><subfield code="a">United States</subfield><subfield code="b">Indiana</subfield><subfield code="c">Howard</subfield><subfield code="d">Kokomo.</subfield></datafield><datafield ind1="0" ind2="0" tag="780"><subfield code="t">Kokomo dispatch (Kokomo, Ind. : Daily : 1916)</subfield><subfield code="w">(DLC)sn 84045453</subfield><subfield code="w">(OCoLC)11339477</subfield></datafield><datafield ind1="0" ind2="0" tag="785"><subfield code="t">Kokomo dispatch (Kokomo, Ind. : 1920 : Daily)</subfield><subfield code="w">(DLC)sn 87055685</subfield><subfield code="w">(OCoLC)15345221</subfield></datafield></record>